
@article{noauthor_book_2019,
  title = {Book Swapping},
  copyright = {Creative Commons Attribution-ShareAlike License},
  abstract = {Book swapping or book exchange is the practice of a swap of books between one person and another. Practiced among book groups, friends and colleagues at work, it provides an inexpensive way for people to exchange books, find out about new books and obtain a new book to read without having to pay.  Because swaps occur between individuals, without central distribution or warehousing, and without the copyright owner making a profit, the practice has been compared to peer-to-peer (P2P) systems such as BitTorrent\textemdash{}except that hard-copy original analog objects are exchanged.},
  language = {en},
  journal = {Wikipedia},
  month = jan,
  year = {2019},
  file = {C:\\Users\\Abdelhak\\Zotero\\storage\\9YCEEUZB\\index.html},
  note = {Page Version ID: 879634702}
}

@misc{noauthor_bookup_nodate,
  title = {‎{{Bookup}} \textendash{} Hookups for Books!},
  abstract = {‎Bookup \textendash{} hookups for books!

The Bookup App is for readers of print books who want to swap their books for other books in their area, free of charge, and potentially make a new friend with a shared interest in reading. Bookup provides location-based book swapping functionality. Unlike most competito\ldots{}},
  language = {en-us},
  journal = {App Store},
  howpublished = {https://itunes.apple.com/us/app/bookup-hookups-for-books/id1104416604?mt=8}
}

@misc{noauthor_bookabikia_nodate,
  title = {{{BookaBikia}} | لمحة عنا},
  abstract = {BookaBikia - First book exchange website without connecting with people},
  howpublished = {https://bookabikia.com/about}
}

@misc{noauthor_bookmooch_nodate,
  title = {{{BookMooch Reviews}} | {{Online Bookstores Companies}} | {{Best Company}}},
  howpublished = {https://bestcompany.com/bookstores/company/bookmooch}
}

@misc{noauthor_bookup_nodate-1,
  title = {Bookup - Hookups for Books! {{Location}}-Based Print Book Swapping App},
  howpublished = {https://www.bookupapp.com/}
}

@misc{noauthor_mobile_nodate,
  title = {Mobile {{Operating System Market Share Worldwide}}},
  abstract = {This graph shows the market share of mobile operating systems worldwide based on over 10 billion monthly page views.},
  language = {en},
  journal = {StatCounter Global Stats},
  howpublished = {http://gs.statcounter.com/os-market-share/mobile/worldwide},
  file = {C:\\Users\\Abdelhak\\Zotero\\storage\\VHNS8FXP\\worldwide.html}
}


